<?xml version="1.0" encoding="UTF-8"?><collection xmlns="http://www.loc.gov/MARC21/slim"><record><leader>00410nam--2200133-i-4500</leader><controlfield tag="001">000021894</controlfield><controlfield tag="002">20161230</controlfield><controlfield tag="005">20161230201034</controlfield><controlfield tag="008">060222s1000------------r-----000-0-eng-d</controlfield><datafield ind1=" " ind2=" " tag="100"><subfield code="a">Jacobs, A.M., Kline D.E., Remick, F.J</subfield></datafield><datafield ind1=" " ind2=" " tag="245"><subfield code="a">Bsic principles of nuclear science and reactors</subfield></datafield><datafield ind1=" " ind2=" " tag="260"><subfield code="a">London, D.Van Nostrand Co., Inc., 1960, Viii + 254 P</subfield></datafield><datafield ind1=" " ind2=" " tag="490"><subfield code="a">Van Nostrand Nuclear Science Series</subfield></datafield><datafield ind1=" " ind2=" " tag="852"><subfield code="a">13322</subfield></datafield></record></collection>